@article{Essig:2010xa,
      author         = "Essig, Rouven and Schuster, Philip and Toro, Natalia and
                        Wojtsekhowski, Bogdan",
      title          = "{An Electron Fixed Target Experiment to Search for a New
                        Vector Boson A' Decaying to e+e-}",
      journal        = "JHEP",
      volume         = "02",
      year           = "2011",
      pages          = "009",
      doi            = "10.1007/JHEP02(2011)009",
      eprint         = "1001.2557",
      archivePrefix  = "arXiv",
      primaryClass   = "hep-ph",
      reportNumber   = "SLAC-PUB-13882, SU-ITP-10-01",
      SLACcitation   = "%%CITATION = ARXIV:1001.2557;%%"
}

@article{Echenard:2014lma,
      author         = "Echenard, Bertrand and Essig, Rouven and Zhong, Yi-Ming",
      title          = "{Projections for Dark Photon Searches at Mu3e}",
      journal        = "JHEP",
      volume         = "01",
      year           = "2015",
      pages          = "113",
      doi            = "10.1007/JHEP01(2015)113",
      eprint         = "1411.1770",
      archivePrefix  = "arXiv",
      primaryClass   = "hep-ph",
      reportNumber   = "YITP-SB-14-36",
      SLACcitation   = "%%CITATION = ARXIV:1411.1770;%%"
}

@article{Alekhin:2015byh,
      author         = "Alekhin, Sergey and others",
      title          = "{A facility to Search for Hidden Particles at the CERN
                        SPS: the SHiP physics case}",
      year           = "2015",
      eprint         = "1504.04855",
      archivePrefix  = "arXiv",
      primaryClass   = "hep-ph",
      reportNumber   = "CERN-SPSC-2015-017, SPSC-P-350-ADD-1",
      SLACcitation   = "%%CITATION = ARXIV:1504.04855;%%"
}

@article{Ilten:2015hya,
      author         = "Ilten, Philip and Thaler, Jesse and Williams, Mike and
                        Xue, Wei",
      title          = "{Dark photons from charm mesons at LHCb}",
      journal        = "Phys. Rev.",
      volume         = "D92",
      year           = "2015",
      number         = "11",
      pages          = "115017",
      doi            = "10.1103/PhysRevD.92.115017",
      eprint         = "1509.06765",
      archivePrefix  = "arXiv",
      primaryClass   = "hep-ph",
      reportNumber   = "MIT-CTP-4702",
      SLACcitation   = "%%CITATION = ARXIV:1509.06765;%%"
}

@article{Ilten:2016tkc,
      author         = "Ilten, Philip and Soreq, Yotam and Thaler, Jesse and
                        Williams, Mike and Xue, Wei",
      title          = "{Inclusive Dark Photon Search at LHCb}",
      year           = "2016",
      eprint         = "1603.08926",
      archivePrefix  = "arXiv",
      primaryClass   = "hep-ph",
      reportNumber   = "MIT-CTP-4785",
      SLACcitation   = "%%CITATION = ARXIV:1603.08926;%%"
}

@article{Gardner:2015wea,
      author         = "Gardner, S. and Holt, R. J. and Tadepalli, A. S.",
      title          = "{New Prospects in Fixed Target Searches for Dark Forces
                        with the SeaQuest Experiment at Fermilab}",
      year           = "2015",
      eprint         = "1509.00050",
      archivePrefix  = "arXiv",
      primaryClass   = "hep-ph",
      SLACcitation   = "%%CITATION = ARXIV:1509.00050;%%"
}

@article{Freytsis:2009bh,
      author         = "Freytsis, Marat and Ovanesyan, Grigory and Thaler, Jesse",
      title          = "{Dark Force Detection in Low Energy e-p Collisions}",
      journal        = "JHEP",
      volume         = "01",
      year           = "2010",
      pages          = "111",
      doi            = "10.1007/JHEP01(2010)111",
      eprint         = "0909.2862",
      archivePrefix  = "arXiv",
      primaryClass   = "hep-ph",
      SLACcitation   = "%%CITATION = ARXIV:0909.2862;%%"
}

@article{Wojtsekhowski:2012zq,
      author         = "Wojtsekhowski, B. and Nikolenko, D. and Rachek, I.",
      title          = "{Searching for a new force at VEPP-3}",
      year           = "2012",
      eprint         = "1207.5089",
      archivePrefix  = "arXiv",
      primaryClass   = "hep-ex",
      reportNumber   = "JLAB-PHY-12-1597, DOE-OR-23177-2213",
      SLACcitation   = "%%CITATION = ARXIV:1207.5089;%%"
}

@article{Beranek:2013yqa,
      author         = "Beranek, T. and Merkel, H. and Vanderhaeghen, M.",
      title          = "{Theoretical framework to analyze searches for hidden
                        light gauge bosons in electron scattering fixed target
                        experiments}",
      journal        = "Phys. Rev.",
      volume         = "D88",
      year           = "2013",
      pages          = "015032",
      doi            = "10.1103/PhysRevD.88.015032",
      eprint         = "1303.2540",
      archivePrefix  = "arXiv",
      primaryClass   = "hep-ph",
      SLACcitation   = "%%CITATION = ARXIV:1303.2540;%%"
}

@article{Aad:2012tfa,
      author         = "Aad, Georges and others",
      title          = "{Observation of a new particle in the search for the
                        Standard Model Higgs boson with the ATLAS detector at the
                        LHC}",
      collaboration  = "ATLAS",
      journal        = "Phys. Lett.",
      volume         = "B716",
      year           = "2012",
      pages          = "1-29",
      doi            = "10.1016/j.physletb.2012.08.020",
      eprint         = "1207.7214",
      archivePrefix  = "arXiv",
      primaryClass   = "hep-ex",
      reportNumber   = "CERN-PH-EP-2012-218",
      SLACcitation   = "%%CITATION = ARXIV:1207.7214;%%"
}

@article{Chatrchyan:2012xdj,
      author         = "Chatrchyan, Serguei and others",
      title          = "{Observation of a new boson at a mass of 125 GeV with the
                        CMS experiment at the LHC}",
      collaboration  = "CMS",
      journal        = "Phys. Lett.",
      volume         = "B716",
      year           = "2012",
      pages          = "30-61",
      doi            = "10.1016/j.physletb.2012.08.021",
      eprint         = "1207.7235",
      archivePrefix  = "arXiv",
      primaryClass   = "hep-ex",
      reportNumber   = "CMS-HIG-12-028, CERN-PH-EP-2012-220",
      SLACcitation   = "%%CITATION = ARXIV:1207.7235;%%"
}

@article{Zwicky:1933gu,
      author         = "Zwicky, F.",
      title          = "{Die Rotverschiebung von extragalaktischen Nebeln}",
      journal        = "Helv. Phys. Acta",
      volume         = "6",
      year           = "1933",
      pages          = "110-127",
      SLACcitation   = "%%CITATION = HPACA,6,110;%%"
}

@article{Rubin:1980zd,
      author         = "Rubin, V. C. and Thonnard, N. and Ford, Jr., W. K.",
      title          = "{Rotational properties of 21 SC galaxies with a large
                        range of luminosities and radii, from NGC 4605 /R = 4kpc/
                        to UGC 2885 /R = 122 kpc/}",
      journal        = "Astrophys. J.",
      volume         = "238",
      year           = "1980",
      pages          = "471",
      doi            = "10.1086/158003",
      SLACcitation   = "%%CITATION = ASJOA,238,471;%%"
}

@article{Clowe:2006eq,
      author         = "Clowe, Douglas and Bradac, Marusa and Gonzalez, Anthony
                        H. and Markevitch, Maxim and Randall, Scott W. and Jones,
                        Christine and Zaritsky, Dennis",
      title          = "{A direct empirical proof of the existence of dark
                        matter}",
      journal        = "Astrophys. J.",
      volume         = "648",
      year           = "2006",
      pages          = "L109-L113",
      doi            = "10.1086/508162",
      eprint         = "astro-ph/0608407",
      archivePrefix  = "arXiv",
      primaryClass   = "astro-ph",
      reportNumber   = "SLAC-PUB-12078",
      SLACcitation   = "%%CITATION = ASTRO-PH/0608407;%%"
}

@article{Adam:2015rua,
      author         = "Adam, R. and others",
      title          = "{Planck 2015 results. I. Overview of products and
                        scientific results}",
      collaboration  = "Planck",
      year           = "2015",
      eprint         = "1502.01582",
      archivePrefix  = "arXiv",
      primaryClass   = "astro-ph.CO",
      SLACcitation   = "%%CITATION = ARXIV:1502.01582;%%"
}

@article{Goodsell:2010ie,
      author         = "Goodsell, Mark and Ringwald, Andreas",
      title          = "{Light Hidden-Sector U(1)s in String Compactifications}",
      booktitle      = "{Elementary particle physics and gravity. Proceedings,
                        Corfu Summer Institute, School and Workshops on 'Standard
                        model and beyond and standard cosmology' and on 'Cosmology
                        and strings: Theory - cosmology - phenomenology', CORFU
                        2009, Corfu, Greece, August 30-September 13, 2009}",
      journal        = "Fortsch. Phys.",
      volume         = "58",
      year           = "2010",
      pages          = "716-720",
      doi            = "10.1002/prop.201000026",
      eprint         = "1002.1840",
      archivePrefix  = "arXiv",
      primaryClass   = "hep-th",
      reportNumber   = "DESY-10-015",
      SLACcitation   = "%%CITATION = ARXIV:1002.1840;%%"
}
@article{Agakishiev:2013fwl,
      author         = "Agakishiev, G. and others",
      title          = "{Searching a Dark Photon with HADES}",
      collaboration  = "HADES",
      journal        = "Phys. Lett.",
      volume         = "B731",
      year           = "2014",
      pages          = "265-271",
      doi            = "10.1016/j.physletb.2014.02.035",
      eprint         = "1311.0216",
      archivePrefix  = "arXiv",
      primaryClass   = "hep-ex",
      SLACcitation   = "%%CITATION = ARXIV:1311.0216;%%"
}
@article{Abrahamyan:2011gv,
      author         = "Abrahamyan, S. and others",
      title          = "{Search for a New Gauge Boson in Electron-Nucleus
                        Fixed-Target Scattering by the APEX Experiment}",
      collaboration  = "APEX",
      journal        = "Phys. Rev. Lett.",
      volume         = "107",
      year           = "2011",
      pages          = "191804",
      doi            = "10.1103/PhysRevLett.107.191804",
      eprint         = "1108.2750",
      archivePrefix  = "arXiv",
      primaryClass   = "hep-ex",
      reportNumber   = "JLAB-PHY-11-1406, SLAC-PUB-14491,
                        JLAB-PHY-11-1406---SLAC-PUB-14491",
      SLACcitation   = "%%CITATION = ARXIV:1108.2750;%%"
}
@article{Merkel:2014avp,
      author         = "Merkel, H. and others",
      title          = "{Search at the Mainz Microtron for Light Massive Gauge
                        Bosons Relevant for the Muon g-2 Anomaly}",
      journal        = "Phys. Rev. Lett.",
      volume         = "112",
      year           = "2014",
      number         = "22",
      pages          = "221802",
      doi            = "10.1103/PhysRevLett.112.221802",
      eprint         = "1404.5502",
      archivePrefix  = "arXiv",
      primaryClass   = "hep-ex",
      SLACcitation   = "%%CITATION = ARXIV:1404.5502;%%"
}

@article{Batley:2015lha,
      author         = "Batley, J. R. and others",
      title          = "{Search for the dark photon in $\pi^0$ decays}",
      collaboration  = "NA48/2",
      journal        = "Phys. Lett.",
      volume         = "B746",
      year           = "2015",
      pages          = "178-185",
      doi            = "10.1016/j.physletb.2015.04.068",
      eprint         = "1504.00607",
      archivePrefix  = "arXiv",
      primaryClass   = "hep-ex",
      reportNumber   = "CERN-PH-EP-2015-093",
      SLACcitation   = "%%CITATION = ARXIV:1504.00607;%%"
}

@phdthesis{Gaiser:1982yw,
      author         = "Gaiser, J.",
      title          = "{Charmonium Spectroscopy From Radiative Decays of the
                        $J/\psi$ and $\psi^\prime$}",
      school         = "SLAC",
      url            = "http://www-public.slac.stanford.edu/sciDoc/docMeta.aspx?slacPubNumber=slac-r-255.html",
      year           = "1982",
      reportNumber   = "SLAC-0255, UMI-83-14449-MC, SLAC-R-0255, SLAC-R-255",
      SLACcitation   = "%%CITATION = SLAC-0255;%%"
}

@article{Adare:2014mgk,
      author         = "Adare, A. and others",
      title          = "{Search for dark photons from neutral meson decays in $p
                        + p$ and $d$ + Au collisions at $\sqrt{s_{NN}} =$ 200
                        GeV}",
      collaboration  = "PHENIX",
      journal        = "Phys. Rev.",
      volume         = "C91",
      year           = "2015",
      number         = "3",
      pages          = "031901",
      doi            = "10.1103/PhysRevC.91.031901",
      eprint         = "1409.0851",
      archivePrefix  = "arXiv",
      primaryClass   = "nucl-ex",
      SLACcitation   = "%%CITATION = ARXIV:1409.0851;%%"
}

@article{Abel:2008ai,
      author         = "Abel, S. A. and Goodsell, M. D. and Jaeckel, J. and
                        Khoze, V. V. and Ringwald, A.",
      title          = "{Kinetic Mixing of the Photon with Hidden U(1)s in String
                        Phenomenology}",
      journal        = "JHEP",
      volume         = "07",
      year           = "2008",
      pages          = "124",
      doi            = "10.1088/1126-6708/2008/07/124",
      eprint         = "0803.1449",
      archivePrefix  = "arXiv",
      primaryClass   = "hep-ph",
      reportNumber   = "IPPP-08-14, DESY-08-026",
      SLACcitation   = "%%CITATION = ARXIV:0803.1449;%%"
}

@article{Candelas:1985en,
      author         = "Candelas, P. and Horowitz, Gary T. and Strominger, Andrew
                        and Witten, Edward",
      title          = "{Vacuum Configurations for Superstrings}",
      journal        = "Nucl. Phys.",
      volume         = "B258",
      year           = "1985",
      pages          = "46-74",
      doi            = "10.1016/0550-3213(85)90602-9",
      reportNumber   = "NSF-ITP-84-170",
      SLACcitation   = "%%CITATION = NUPHA,B258,46;%%"
}

@article{Andreas:2011in,
      author         = "Andreas, S. and Goodsell, M. D. and Ringwald, A.",
      title          = "{Dark matter and dark forces from a supersymmetric hidden
                        sector}",
      journal        = "Phys. Rev.",
      volume         = "D87",
      year           = "2013",
      number         = "2",
      pages          = "025007",
      doi            = "10.1103/PhysRevD.87.025007",
      eprint         = "1109.2869",
      archivePrefix  = "arXiv",
      primaryClass   = "hep-ph",
      reportNumber   = "DESY-11-159",
      SLACcitation   = "%%CITATION = ARXIV:1109.2869;%%"
}

@article{Jaeckel:2010ni,
      author         = "Jaeckel, Joerg and Ringwald, Andreas",
      title          = "{The Low-Energy Frontier of Particle Physics}",
      journal        = "Ann. Rev. Nucl. Part. Sci.",
      volume         = "60",
      year           = "2010",
      pages          = "405-437",
      doi            = "10.1146/annurev.nucl.012809.104433",
      eprint         = "1002.0329",
      archivePrefix  = "arXiv",
      primaryClass   = "hep-ph",
      reportNumber   = "CPT-10-18, DESY-10-016, IPPP-10-09",
      SLACcitation   = "%%CITATION = ARXIV:1002.0329;%%"
}

@article{Holdom:1985ag,
      author         = "Holdom, Bob",
      title          = "{Two U(1)'s and Epsilon Charge Shifts}",
      journal        = "Phys. Lett.",
      volume         = "B166",
      year           = "1986",
      pages          = "196-198",
      doi            = "10.1016/0370-2693(86)91377-8",
      reportNumber   = "UTPT-85-30",
      SLACcitation   = "%%CITATION = PHLTA,B166,196;%%"
}

@article{Pospelov:2008jd,
      author         = "Pospelov, Maxim and Ritz, Adam",
      title          = "{Astrophysical Signatures of Secluded Dark Matter}",
      journal        = "Phys. Lett.",
      volume         = "B671",
      year           = "2009",
      pages          = "391-397",
      doi            = "10.1016/j.physletb.2008.12.012",
      eprint         = "0810.1502",
      archivePrefix  = "arXiv",
      primaryClass   = "hep-ph",
      SLACcitation   = "%%CITATION = ARXIV:0810.1502;%%"
}

@article{Pospelov:2008zw,
      author         = "Pospelov, Maxim",
      title          = "{Secluded U(1) below the weak scale}",
      journal        = "Phys. Rev.",
      volume         = "D80",
      year           = "2009",
      pages          = "095002",
      doi            = "10.1103/PhysRevD.80.095002",
      eprint         = "0811.1030",
      archivePrefix  = "arXiv",
      primaryClass   = "hep-ph",
      SLACcitation   = "%%CITATION = ARXIV:0811.1030;%%"
}

@article{Bennett:2006fi,
      author         = "Bennett, G. W. and others",
      title          = "{Final Report of the Muon E821 Anomalous Magnetic Moment
                        Measurement at BNL}",
      collaboration  = "Muon g-2",
      journal        = "Phys. Rev.",
      volume         = "D73",
      year           = "2006",
      pages          = "072003",
      doi            = "10.1103/PhysRevD.73.072003",
      eprint         = "hep-ex/0602035",
      archivePrefix  = "arXiv",
      primaryClass   = "hep-ex",
      SLACcitation   = "%%CITATION = HEP-EX/0602035;%%"
}

@article{Peccei:1977hh,
      author         = "Peccei, R. D. and Quinn, Helen R.",
      title          = "{CP Conservation in the Presence of Pseudoparticles}",
      journal        = "Phys. Rev. Lett.",
      volume         = "38",
      year           = "1977",
      pages          = "1440-1443",
      doi            = "10.1103/PhysRevLett.38.1440",
      reportNumber   = "ITP-568-STANFORD",
      SLACcitation   = "%%CITATION = PRLTA,38,1440;%%"
}

@article{Blumlein:2011mv,
      author         = "Blumlein, Johannes and Brunner, Jurgen",
      title          = "{New Exclusion Limits for Dark Gauge Forces from
                        Beam-Dump Data}",
      journal        = "Phys. Lett.",
      volume         = "B701",
      year           = "2011",
      pages          = "155-159",
      doi            = "10.1016/j.physletb.2011.05.046",
      eprint         = "1104.2747",
      archivePrefix  = "arXiv",
      primaryClass   = "hep-ex",
      reportNumber   = "DESY-11-062, DO-TH-11-11, SFB-CPP-11-18, LPN-11-17,
                        DESY-11--062, DO--TH-11-11, SFB-CPP--11--18, LPN-11--17",
      SLACcitation   = "%%CITATION = ARXIV:1104.2747;%%"
}


@article{Blumlein:2013cua,
      author         = "Blümlein, Johannes and Brunner, Jürgen",
      title          = "{New Exclusion Limits on Dark Gauge Forces from Proton
                        Bremsstrahlung in Beam-Dump Data}",
      journal        = "Phys. Lett.",
      volume         = "B731",
      year           = "2014",
      pages          = "320-326",
      doi            = "10.1016/j.physletb.2014.02.029",
      eprint         = "1311.3870",
      archivePrefix  = "arXiv",
      primaryClass   = "hep-ph",
      reportNumber   = "DESY-13-202, DO-TH-13-29, SFB-CPP-13-87, LPN-13-087",
      SLACcitation   = "%%CITATION = ARXIV:1311.3870;%%"
}

@article{cheung2009,
    author  = "Cheung, Clifford and Ruderman, Joshua T. and Wang, Lian-Tao and Yavin, Itay",
    title   = "Kinetic mixing as the origin of a light dark-gauge-group scale",
    journal = "Phys. Rev. D",
    volume  = "80",
    pages   = "035008",
    year    = "2009",
    eprint  = "hep-ph/09023246"
}

@article{ArkaniHamed:2008qp,
      author         = "Arkani-Hamed, Nima and Weiner, Neal",
      title          = "{LHC Signals for a SuperUnified Theory of Dark Matter}",
      journal        = "JHEP",
      volume         = "12",
      year           = "2008",
      pages          = "104",
      doi            = "10.1088/1126-6708/2008/12/104",
      eprint         = "0810.0714",
      archivePrefix  = "arXiv",
      primaryClass   = "hep-ph",
      SLACcitation   = "%%CITATION = ARXIV:0810.0714;%%"
}

@article{Cholis:2013psa,
      author         = "Cholis, Ilias and Hooper, Dan",
      title          = "{Dark Matter and Pulsar Origins of the Rising Cosmic Ray
                        Positron Fraction in Light of New Data From AMS}",
      journal        = "Phys. Rev.",
      volume         = "D88",
      year           = "2013",
      pages          = "023013",
      doi            = "10.1103/PhysRevD.88.023013",
      eprint         = "1304.1840",
      archivePrefix  = "arXiv",
      primaryClass   = "astro-ph.HE",
      reportNumber   = "FERMILAB-PUB-13-090-A",
      SLACcitation   = "%%CITATION = ARXIV:1304.1840;%%"
}

@article{Coutu:2013,
      author         = "Coutu, S.",
      title          = "{Positrons galore}",
      collaboration  = "",
      journal        = "Phys. Online J.",
      volume         = "6, 40:1-40:3",
      year           = "2013",
      pages          = "",
      doi            = "",
      eprint         = "",
      archivePrefix  = "",
      primaryClass   = "",
      SLACcitation   = ""
}

@article{Adriani:2008zr,
      author         = "Adriani, Oscar and others",
      title          = "{An anomalous positron abundance in cosmic rays with
                        energies 1.5-100 GeV}",
      collaboration  = "PAMELA",
      journal        = "Nature",
      volume         = "458",
      year           = "2009",
      pages          = "607-609",
      doi            = "10.1038/nature07942",
      eprint         = "0810.4995",
      archivePrefix  = "arXiv",
      primaryClass   = "astro-ph",
      SLACcitation   = "%%CITATION = ARXIV:0810.4995;%%"
}

@article{ackermann2012, 
    title   = "Measurement of Separate Cosmic-Ray Electron and Positron Spectra with the Fermi Large Area Telescope",
    author  = "Ackermann, M. and others",
    journal = "Phys. Rev. Lett.",
    volume  = "108",
    pages   = "011103",
    year    = "2012",
    eprint  = "astro-ph/11090521"
}

@article{aguilar2013,
    title   = "First Result from the {Alpha Magnetic Spectrometer} on the {International Space Station}: Precision Measurement of the Positron Fraction in Primary Cosmic Rays of 0.5-350 GeV",
    author  = "Aguilar, M. and others", 
    journal = "Phys. Rev. Lett.",
    volume  = "110",
    pages   = "141102",
    year    = "2013",
}

@article{ArkaniHamed:2008qn,
      author         = "Arkani-Hamed, Nima and Finkbeiner, Douglas P. and
                        Slatyer, Tracy R. and Weiner, Neal",
      title          = "{A Theory of Dark Matter}",
      journal        = "Phys. Rev.",
      volume         = "D79",
      year           = "2009",
      pages          = "015014",
      doi            = "10.1103/PhysRevD.79.015014",
      eprint         = "0810.0713",
      archivePrefix  = "arXiv",
      primaryClass   = "hep-ph",
      SLACcitation   = "%%CITATION = ARXIV:0810.0713;%%"
}

@article{Cholis:2008hb,
      author         = "Cholis, Ilias and Goodenough, Lisa and Hooper, Dan and
                        Simet, Melanie and Weiner, Neal",
      title          = "{High Energy Positrons From Annihilating Dark Matter}",
      journal        = "Phys. Rev.",
      volume         = "D80",
      year           = "2009",
      pages          = "123511",
      doi            = "10.1103/PhysRevD.80.123511",
      eprint         = "0809.1683",
      archivePrefix  = "arXiv",
      primaryClass   = "hep-ph",
      reportNumber   = "FERMILAB-PUB-08-347-A",
      SLACcitation   = "%%CITATION = ARXIV:0809.1683;%%"
}

@article{Ade:2015xua,
      author         = "Ade, P. A. R. and others",
      title          = "{Planck 2015 results. XIII. Cosmological parameters}",
      collaboration  = "Planck",
      year           = "2015",
      eprint         = "1502.01589",
      archivePrefix  = "arXiv",
      primaryClass   = "astro-ph.CO",
      SLACcitation   = "%%CITATION = ARXIV:1502.01589;%%"
}

@article{Bjorken:2009mm,
      author         = "Bjorken, James D. and Essig, Rouven and Schuster, Philip
                        and Toro, Natalia",
      title          = "{New Fixed-Target Experiments to Search for Dark Gauge
                        Forces}",
      journal        = "Phys. Rev.",
      volume         = "D80",
      year           = "2009",
      pages          = "075018",
      doi            = "10.1103/PhysRevD.80.075018",
      eprint         = "0906.0580",
      archivePrefix  = "arXiv",
      primaryClass   = "hep-ph",
      reportNumber   = "SLAC-PUB-13650, SU-ITP-09-22",
      SLACcitation   = "%%CITATION = ARXIV:0906.0580;%%"
}

@article{Tsai:1986tx,
      author         = "Tsai, Yung-Su",
      title          = "AXION BREMSSTRAHLUNG BY AN ELECTRON BEAM",
      booktitle      = "{Proceedings, 23RD International Conference on High
                        Energy Physics, JULY 16-23, 1986, Berkeley, CA}",
      journal        = "Phys. Rev.",
      volume         = "D34",
      year           = "1986",
      pages          = "1326",
      doi            = "10.1103/PhysRevD.34.1326",
      reportNumber   = "SLAC-PUB-3926",
      SLACcitation   = "%%CITATION = PHRVA,D34,1326;%%"
}

@article{Tsai:1973py,
      author         = "Tsai, Yung-Su",
      title          = "{Pair Production and Bremsstrahlung of Charged Leptons}",
      journal        = "Rev. Mod. Phys.",
      volume         = "46",
      year           = "1974",
      pages          = "815",
      doi            = "10.1103/RevModPhys.46.815, 10.1103/RevModPhys.49.421",
      note           = "[Erratum: Rev. Mod. Phys.49,521(1977)]",
      reportNumber   = "SLAC-PUB-1365",
      SLACcitation   = "%%CITATION = RMPHA,46,815;%%"
}

@article{Kim:1973he,
      author         = "Kim, Kwang Je and Tsai, Yung-Su",
      title          = "IMPROVED {W}EIZSACKER-{W}ILLIAMS METHOD AND ITS APPLICATION
                        TO LEPTON AND {W} BOSON PAIR PRODUCTION",
      journal        = "Phys. Rev.",
      volume         = "D8",
      year           = "1973",
      pages          = "3109",
      doi            = "10.1103/PhysRevD.8.3109",
      reportNumber   = "SLAC-PUB-1106-rev, SLAC-PUB-1106",
      SLACcitation   = "%%CITATION = PHRVA,D8,3109;%%"
}

@article{Bjorken:1988as,
      author         = "Bjorken, J. D. and Ecklund, S. and Nelson, W. R. and
                        Abashian, A. and Church, C. and Lu, B. and Mo, L. W. and
                        Nunamaker, T. A. and Rassmann, P.",
      title          = "{Search for Neutral Metastable Penetrating Particles
                        Produced in the SLAC Beam Dump}",
      journal        = "Phys. Rev.",
      volume         = "D38",
      year           = "1988",
      pages          = "3375",
      doi            = "10.1103/PhysRevD.38.3375",
      reportNumber   = "FERMILAB-PUB-88-044, PRINT-88-0352 (FERMILAB)",
      SLACcitation   = "%%CITATION = PHRVA,D38,3375;%%"
}

@article{riordan1987,
    title   = "Search for short-lived axions in an electron-beam-dump experiment",
    author  = "Riordan, E. M. and Krasny, M. W. and Lang, K. and 
               de Barbaro, P. and Bodek, A. and Dasu, S. and Varelas, N. and
               Wang, X. and Arnold, R. and Benton, D. and Bosted, P. and
               Clogher, L. and Lung, A. and Rock, S. and Szalata, Z. and
               Filippone, B. W. and Walker, R. C. and Bjorken, J. D. and
               Crisler, M. and Para, A. and Lambert, J. and 
               Button-Shafer, J.and Debebe, B. and Frodyma, M. and 
               Hicks, R. S. and Peterson, G. A. and Gearhart, R.",
    journal = "Phys. Rev. Lett.",
    volume  = "59",
    pages   = "755--758",
    year    = "1987",
}

@article{bross1991,
    title   = "Search for short-lived particles produced in an electron beam dump",
    author  = "Bross, A. and Crisler, M. and Pordes, S. and Volk, J. and 
               Errede, S. and Wrbanek, J.",
    journal = "Phys. Rev. Lett.",
    volume  = "67",
    pages   = "2942--2945",
    year    = "1991",
}

@article{konaka1986,
    title   = "Search for Neutral Particles in Electron-Beam-Dump Experiment",
    author  = "Konaka, A. and Imai, K. and Kobayashi, H. and Masaike, A. and 
               Miyake, K. and Nakamura, T. and Nagamine, N. and Sasao, N. and 
               Enomoto, A. and Fukushima, Y. and Kikutani, E. and Koiso, H. and 
               Matsumoto, H. and Nakahara, K. and Ohsawa, S. and 
               Taniguchi, T. and Sato, I. and Urakawa, J.",
    journal = "Phys. Rev. Lett.",
    volume  = "57",
    pages   = "659--662",
    year    = "1986",
}

@article{davier1989,
    author  = "Davier, M. and Nguyen Ngoc, H.",
    title   = "{An Unambiguous Search for a Light Higgs Boson}",
    journal = "Phys. Lett.",
    volume  = "B229",
    year    = "1989",
    pages   = "150",
}

@article{andreas2012,
    title   = "New limits on hidden photons from past electron beam dumps",
    author  = "Andreas, Sarah and Niebuhr, Carsten and Ringwald, Andreas",
    journal = "Phys. Rev. D",
    volume  = "86",
    pages   = "095019",
    year    = "2012",
}

@article{Battaglieri:2014hga,
      author         = "Battaglieri, M. and others",
      title          = "{The Heavy Photon Search Test Detector}",
      journal        = "Nucl. Instrum. Meth.",
      volume         = "A777",
      year           = "2015",
      pages          = "91-101",
      doi            = "10.1016/j.nima.2014.12.017",
      eprint         = "1406.6115",
      archivePrefix  = "arXiv",
      primaryClass   = "physics.ins-det",
      reportNumber   = "SLAC-PUB-15999, JLAB-PHY-14-1994",
      SLACcitation   = "%%CITATION = ARXIV:1406.6115;%%"
}

@article{Blumlein:1990ay,
      author         = "Blumlein, J. and others",
      title          = "{Limits on neutral light scalar and pseudoscalar
                        particles in a proton beam dump experiment}",
      journal        = "Z. Phys.",
      volume         = "C51",
      year           = "1991",
      pages          = "341-350",
      doi            = "10.1007/BF01548556",
      reportNumber   = "PHE-90-03",
      SLACcitation   = "%%CITATION = ZEPYA,C51,341;%%"
}

@article{Blumlein:1991xh,
      author         = "Blumlein, J. and others",
      title          = "{Limits on the mass of light (pseudo)scalar particles
                        from Bethe-Heitler e+ e- and mu+ mu- pair production in a
                        proton - iron beam dump experiment}",
      journal        = "Int. J. Mod. Phys.",
      volume         = "A7",
      year           = "1992",
      pages          = "3835-3850",
      doi            = "10.1142/S0217751X9200171X",
      reportNumber   = "PHE-91-11",
      SLACcitation   = "%%CITATION = IMPAE,A7,3835;%%"
}

@article{yin2013,
    title   = "{Pulsar interpretation for the AMS-02 result}",
    author  = "Yin, Peng-Fei and Yu, Zhao-Huan and Yuan, Qiang and Bi, Xiao-Jun",
    journal = "Phys. Rev. D",
    volume  = "88",
    pages   = "023001",
    year    = "2013",
}

@article{linden2013,
    author="Tim Linden and Stefano Profumo",
    title="{Probing the Pulsar Origin of the Anomalous Positron Fraction with AMS-02 and Atmospheric Cherenkov Telescopes}",
    journal="The Astrophysical Journal",
    volume="772",
    pages="18",
    year="2013",
}

@article{hooper2011,
    title = "{Origin of the gamma rays from the Galactic Center}",
    author = "Hooper, Dan and Linden, Tim",
    journal = "Phys. Rev. D",
    volume = "84",
    pages = "123005",
    year = "2011",
}

@article{linden2011,
  author="Tim Linden and Dan Hooper and Farhad Yusef-Zadeh",
  title="{Dark Matter and Synchrotron Emission from Galactic Center Radio Filaments}",
  journal="The Astrophysical Journal",
  volume="741",
  pages="95",
  year="2011",
}

@article{abazajian2012,
  title = "Detection of a gamma-ray source in the Galactic Center consistent with extended emission from dark matter annihilation and concentrated astrophysical emission",
  author = "Abazajian, Kevork N. and Kaplinghat, Manoj",
  journal = "Phys. Rev. D",
  volume = "86",
  pages = "083511",
  year = "2012",
}

@article{hooper2013,
    title = "{Two emission mechanisms in the Fermi Bubbles: A possible signal of annihilating dark matter}",
    journal = "Physics of the Dark Universe ",
    volume = "2",
    number = "3",
    pages = "118 - 138",
    year = "2013",
}

@article{Hooper:2010mq,
      author         = "Hooper, Dan and Goodenough, Lisa",
      title          = "{Dark Matter Annihilation in The Galactic Center As Seen
                        by the Fermi Gamma Ray Space Telescope}",
      journal        = "Phys. Lett.",
      volume         = "B697",
      year           = "2011",
      pages          = "412-428",
      doi            = "10.1016/j.physletb.2011.02.029",
      eprint         = "1010.2752",
      archivePrefix  = "arXiv",
      primaryClass   = "hep-ph",
      reportNumber   = "FERMILAB-PUB-10-414-A",
      SLACcitation   = "%%CITATION = ARXIV:1010.2752;%%"
}

@article{Abazajian:2010zy,
      author         = "Abazajian, Kevork N.",
      title          = "{The Consistency of Fermi-LAT Observations of the
                        Galactic Center with a Millisecond Pulsar Population in
                        the Central Stellar Cluster}",
      journal        = "JCAP",
      volume         = "1103",
      year           = "2011",
      pages          = "010",
      doi            = "10.1088/1475-7516/2011/03/010",
      eprint         = "1011.4275",
      archivePrefix  = "arXiv",
      primaryClass   = "astro-ph.HE",
      reportNumber   = "UMD-PP-10-019",
      SLACcitation   = "%%CITATION = ARXIV:1011.4275;%%"
}

@article{Goodenough:2009gk,
      author         = "Goodenough, Lisa and Hooper, Dan",
      title          = "{Possible Evidence For Dark Matter Annihilation In The
                        Inner Milky Way From The Fermi Gamma Ray Space Telescope}",
      year           = "2009",
      eprint         = "0910.2998",
      archivePrefix  = "arXiv",
      primaryClass   = "hep-ph",
      reportNumber   = "FERMILAB-PUB-09-494-A",
      SLACcitation   = "%%CITATION = ARXIV:0910.2998;%%"
}

@article{Hooper:2012cw,
      author         = "Hooper, Dan and Weiner, Neal and Xue, Wei",
      title          = "{Dark Forces and Light Dark Matter}",
      journal        = "Phys. Rev.",
      volume         = "D86",
      year           = "2012",
      pages          = "056009",
      doi            = "10.1103/PhysRevD.86.056009",
      eprint         = "1206.2929",
      archivePrefix  = "arXiv",
      primaryClass   = "hep-ph",
      reportNumber   = "FERMILAB-PUB-12-378-A",
      SLACcitation   = "%%CITATION = ARXIV:1206.2929;%%"
}

@article{Bulbul:2014sua,
      author         = "Bulbul, Esra and Markevitch, Maxim and Foster, Adam and
                        Smith, Randall K. and Loewenstein, Michael and Randall,
                        Scott W.",
      title          = "{Detection of An Unidentified Emission Line in the
                        Stacked X-ray spectrum of Galaxy Clusters}",
      journal        = "Astrophys. J.",
      volume         = "789",
      year           = "2014",
      pages          = "13",
      doi            = "10.1088/0004-637X/789/1/13",
      eprint         = "1402.2301",
      archivePrefix  = "arXiv",
      primaryClass   = "astro-ph.CO",
      SLACcitation   = "%%CITATION = ARXIV:1402.2301;%%"
}

@article{Finkbeiner:2014sja,
      author         = "Finkbeiner, Douglas P. and Weiner, Neal",
      title          = "{An X-Ray Line from eXciting Dark Matter}",
      year           = "2014",
      eprint         = "1402.6671",
      archivePrefix  = "arXiv",
      primaryClass   = "hep-ph",
      SLACcitation   = "%%CITATION = ARXIV:1402.6671;%%"
}

@article{Goodsell:2009xc,
      author         = "Goodsell, Mark and Jaeckel, Joerg and Redondo, Javier and
                        Ringwald, Andreas",
      title          = "{Naturally Light Hidden Photons in LARGE Volume String
                        Compactifications}",
      journal        = "JHEP",
      volume         = "11",
      year           = "2009",
      pages          = "027",
      doi            = "10.1088/1126-6708/2009/11/027",
      eprint         = "0909.0515",
      archivePrefix  = "arXiv",
      primaryClass   = "hep-ph",
      reportNumber   = "IPPP-09-63, DCPT-09-126, DESY-09-123",
      SLACcitation   = "%%CITATION = ARXIV:0909.0515;%%"
}

@article{Cicoli:2011yh,
      author         = "Cicoli, Michele and Goodsell, Mark and Jaeckel, Joerg and
                        Ringwald, Andreas",
      title          = "{Testing String Vacua in the Lab: From a Hidden CMB to
                        Dark Forces in Flux Compactifications}",
      journal        = "JHEP",
      volume         = "07",
      year           = "2011",
      pages          = "114",
      doi            = "10.1007/JHEP07(2011)114",
      eprint         = "1103.3705",
      archivePrefix  = "arXiv",
      primaryClass   = "hep-th",
      reportNumber   = "DESY-11-042, IPPP-11-13, DCTP-11-26",
      SLACcitation   = "%%CITATION = ARXIV:1103.3705;%%"
}

@article{Reece:2009un,
      author         = "Reece, Matthew and Wang, Lian-Tao",
      title          = "{Searching for the light dark gauge boson in GeV-scale
                        experiments}",
      journal        = "JHEP",
      volume         = "07",
      year           = "2009",
      pages          = "051",
      doi            = "10.1088/1126-6708/2009/07/051",
      eprint         = "0904.1743",
      archivePrefix  = "arXiv",
      primaryClass   = "hep-ph",
      SLACcitation   = "%%CITATION = ARXIV:0904.1743;%%"
}

@article{Aubert:2009cp,
      author         = "Aubert, Bernard and others",
      title          = "{Search for Dimuon Decays of a Light Scalar Boson in
                        Radiative Transitions $\Upsilon \rightarrow \gamma A_{0}$}",
      collaboration  = "BaBar",
      journal        = "Phys. Rev. Lett.",
      volume         = "103",
      year           = "2009",
      pages          = "081803",
      doi            = "10.1103/PhysRevLett.103.081803",
      eprint         = "0905.4539",
      archivePrefix  = "arXiv",
      primaryClass   = "hep-ex",
      reportNumber   = "BABAR-PUB-09-015, SLAC-PUB-13653",
      SLACcitation   = "%%CITATION = ARXIV:0905.4539;%%"
}

@article{Babusci:2012cr,
      author         = "Babusci, D. and others",
      title          = "{Limit on the production of a light vector gauge boson in
                        phi meson decays with the KLOE detector}",
      collaboration  = "KLOE-2",
      journal        = "Phys. Lett.",
      volume         = "B720",
      year           = "2013",
      pages          = "111-115",
      doi            = "10.1016/j.physletb.2013.01.067",
      eprint         = "1210.3927",
      archivePrefix  = "arXiv",
      primaryClass   = "hep-ex",
      SLACcitation   = "%%CITATION = ARXIV:1210.3927;%%"
}

@article{Archilli:2011zc,
      author         = "Archilli, F. and others",
      title          = "{Search for a vector gauge boson in $\phi$ meson decays
                        with the KLOE detector}",
      collaboration  = "KLOE-2",
      journal        = "Phys. Lett.",
      volume         = "B706",
      year           = "2012",
      pages          = "251-255",
      doi            = "10.1016/j.physletb.2011.11.033",
      eprint         = "1110.0411",
      archivePrefix  = "arXiv",
      primaryClass   = "hep-ex",
      SLACcitation   = "%%CITATION = ARXIV:1110.0411;%%"
}

@inproceedings{Friedman:1974vj,
      author         = "Friedman, Jerome H.",
      title          = "{Data Analysis Techniques for High-Energy Particle
                        Physics}",
      booktitle      = "{1974 CERN School of Computing, Godoysund, Norway, 11-24
                        Aug 1974: Proceedings}",
      url            = "http://www-public.slac.stanford.edu/sciDoc/docMeta.aspx?slacPubNumber=slac-r-176.html",
      year           = "1974",
      pages          = "271",
      reportNumber   = "SLAC-0176, SLAC-R-0176, SLAC-R-176",
      SLACcitation   = "%%CITATION = SLAC-0176;%%"
}

@article{Gross:2010qma,
      author         = "Gross, Eilam and Vitells, Ofer",
      title          = "{Trial factors or the look elsewhere effect in high
                        energy physics}",
      journal        = "Eur. Phys. J.",
      volume         = "C70",
      year           = "2010",
      pages          = "525-530",
      doi            = "10.1140/epjc/s10052-010-1470-8",
      eprint         = "1005.1891",
      archivePrefix  = "arXiv",
      primaryClass   = "physics.data-an",
      SLACcitation   = "%%CITATION = ARXIV:1005.1891;%%"
}

@article{Cowan:2010js,
      author         = "Cowan, Glen and Cranmer, Kyle and Gross, Eilam and
                        Vitells, Ofer",
      title          = "{Asymptotic formulae for likelihood-based tests of new
                        physics}",
      journal        = "Eur. Phys. J.",
      volume         = "C71",
      year           = "2011",
      pages          = "1554",
      doi            = "10.1140/epjc/s10052-011-1554-0,
                        10.1140/epjc/s10052-013-2501-z",
      note           = "[Erratum: Eur. Phys. J.C73,2501(2013)]",
      eprint         = "1007.1727",
      archivePrefix  = "arXiv",
      primaryClass   = "physics.data-an",
      SLACcitation   = "%%CITATION = ARXIV:1007.1727;%%"
}

@article{Wilks:1938dza,
      author         = "Wilks, S. S.",
      title          = "{The Large-Sample Distribution of the Likelihood Ratio
                        for Testing Composite Hypotheses}",
      journal        = "Annals Math. Statist.",
      volume         = "9",
      year           = "1938",
      number         = "1",
      pages          = "60-62",
      doi            = "10.1214/aoms/1177732360",
      SLACcitation   = "%%CITATION = AASTA,9,60;%%"
}

@article{Dudek:2012vr,
      author         = "Dudek, Jozef and others",
      title          = "{Physics Opportunities with the 12 GeV Upgrade at
                        Jefferson Lab}",
      journal        = "Eur. Phys. J.",
      volume         = "A48",
      year           = "2012",
      pages          = "187",
      doi            = "10.1140/epja/i2012-12187-1",
      eprint         = "1208.1244",
      archivePrefix  = "arXiv",
      primaryClass   = "hep-ex",
      reportNumber   = "JLAB-PHY-12-1599",
      SLACcitation   = "%%CITATION = ARXIV:1208.1244;%%"
}

@article{French:2001xb,
      author         = "French, M. J. and others",
      title          = "{Design and results from the APV25, a deep sub-micron
                        CMOS front-end chip for the CMS tracker}",
      booktitle      = "{Development and application of semiconductor tracking
                        detectors. Proceedings, 4th International Symposium,
                        Hiroshima, Japan, March 22-25, 2000}",
      journal        = "Nucl. Instrum. Meth.",
      volume         = "A466",
      year           = "2001",
      pages          = "359-365",
      doi            = "10.1016/S0168-9002(01)00589-7",
      SLACcitation   = "%%CITATION = NUIMA,A466,359;%%"
}

@article{Raymond:2000ey,
      author         = "Raymond, M. and others",
      title          = "{The CMS tracker APV25 0.25-mu-m CMOS readout chip}",
      booktitle      = "{Proceedidngs, 6th Workshop on Electronics for LHC
                        experiments, Cracow, Poland, 11-15 Sep 2000}",
      journal        = "Conf. Proc.",
      volume         = "C00091111",
      year           = "2000",
      pages          = "130-134",
      note           = "[,130(2000)]",
      SLACcitation   = "%%CITATION = CONFP,C00091111,130;%%"
}

@article{Burkert:2012rh,
      author         = "Burkert, Volker D.",
      title          = "{The JLab 12 GeV upgrade and the initial science program
                        - Selected topics}",
      booktitle      = "{Proceedings, International School of Physics "Enrico
                        Fermi", 180th Course, "Three-Dimensional Partonic
                        Structure of the Nucleon"}",
      journal        = "Proc. Int. Sch. Phys. Fermi",
      volume         = "180",
      year           = "2012",
      pages          = "303-332",
      doi            = "10.3254/978-1-61499-197-7-303",
      eprint         = "1203.2373",
      archivePrefix  = "arXiv",
      primaryClass   = "nucl-ex",
      reportNumber   = "JLAB-PHY-12-1502",
      SLACcitation   = "%%CITATION = ARXIV:1203.2373;%%"
}

@article{Maruyama:2004hx,
      author         = "Maruyama, T. and others",
      title          = "{A systematic study of polarized electron emission from
                        strained gaas/gaasp superlattice photocathodes}",
      journal        = "Appl. Phys. Lett.",
      volume         = "85",
      year           = "2004",
      pages          = "2640",
      doi            = "10.1063/1.1795358",
      eprint         = "physics/0412099",
      archivePrefix  = "arXiv",
      primaryClass   = "physics",
      SLACcitation   = "%%CITATION = PHYSICS/0412099;%%"
}

@inproceedings{Kazimi:2013yua,
      author         = "Kazimi, Reza and Hansknecht, John and Spata, Michael and
                        Wang, Haipeng",
      title          = "{Source and Extraction for Simultaneous Four-hall Beam
                        Delivery System at CEBAF}",
      booktitle      = "{Proceedings, 4th International Particle Accelerator
                        Conference (IPAC 2013)}",
      year           = "2013",
      url            = "http://JACoW.org/IPAC2013/papers/wepfi085.pdf",
      pages          = "WEPFI085",
      SLACcitation   = "%%CITATION = INSPIRE-1339024;%%"
}

@article{D0Collab:2003, 
    author           = "D0 Collaboration",
    title            = "{Layer 2-5 silicon sensor specifications for D0 SMTII}", 
    journal          = "Internal Note", 
    volume           = "", 
    year             = "2003"
}

@inproceedings{Fretwurst:2002vb,
      author         = "Fretwurst, E. and Lindstrom, G. and Pintilie, I. and
                        Stahl, J. and Pintilie, I.",
      title          = "{Radiation damage in silicon detectors caused by hadronic
                        and electromagnetic irradiation}",
      booktitle      = "{Radiation effects on semiconductor materials, detectors
                        and devices. Proceedings, 4th International Conference,
                        RESMDD'02, Florence, Italy, July 10-12, 2002}",
      year           = "2002",
      eprint         = "physics/0211118",
      archivePrefix  = "arXiv",
      primaryClass   = "physics",
      reportNumber   = "DESY-02-199",
      SLACcitation   = "%%CITATION = PHYSICS/0211118;%%"
}

@article{Rashevskaya:2002nd,
      author         = "Rashevskaya, I. and Bettarini, S. and Rizzo, G. and
                        Bosisio, L. and Dittongo, S. and Quai, E.",
      title          = "{Radiation damage of silicon structures with electrons of
                        900-MeV}",
      booktitle      = "{Large scale applications and radiation hardness of
                        semiconductor detectors. Proceedings, 5th International
                        Conference, Florence, Italy, July 4-7, 2001}",
      journal        = "Nucl. Instrum. Meth.",
      volume         = "A485",
      year           = "2002",
      pages          = "126-132",
      doi            = "10.1016/S0168-9002(02)00543-0",
      SLACcitation   = "%%CITATION = NUIMA,A485,126;%%"
}

@ARTICLE{Kraemer:81214,
      author       = {Kraemer, T.},
      title        = {{T}rack {P}arameters in {LCIO}},
      journal      = {LC-Notes},
      reportid     = {PHPPUBDB-2955, LC-DET-2006-004},
      year         = {2006},
      cin          = {FLC-EXP},
      cid          = {I:(DE-H253)FLC-20120731},
      pnm          = {Facility (machine) ILC $R\&D$ (POF1-510)},
      pid          = {G:(DE-H253)POF1-ILC-20130405},
      experiment   = {EXP:(DE-H253)ILC(machine)-20150101},
      typ          = {PUB:(DE-HGF)25 / PUB:(DE-HGF)15},
      url          = {https://bib-pubdb1.desy.de/record/81214},
}

@article{Graf_2011,
	doi = {10.1088/1742-6596/331/3/032012},
	url = {https://doi.org/10.1088%2F1742-6596%2F331%2F3%2F032012},
	year = 2011,
	month = {dec},
	publisher = {{IOP} Publishing},
	volume = {331},
	number = {3},
	pages = {032012},
	author = {Norman A Graf},
	title = {org.lcsim: Event Reconstruction in Java},
	journal = {Journal of Physics: Conference Series},
	abstract = {Maximizing the physics performance of detectors being designed for the International Linear Collider, while remaining sensitive to cost constraints, requires a powerful, efficient, and flexible simulation, reconstruction and analysis environment to study the capabilities of a large number of different detector designs. The preparation of Letters Of Intent for the International Linear Collider involved the detailed study of dozens of detector options, layouts and readout technologies; the final physics benchmarking studies required the reconstruction and analysis of hundreds of millions of events.

We describe the Java-based software toolkit (org.lcsim) which was used for full event reconstruction and analysis. The components are fully modular and are available for tasks from digitization of tracking detector signals through to cluster finding, pattern recognition, track-fitting, calorimeter clustering, individual particle reconstruction, jet-finding, and analysis. The detector is defined by the same xml input files used for the detector response simulation, ensuring the simulation and reconstruction geometries are always commensurate by construction. We discuss the architecture as well as the performance.}
}

@article{BLOBEL200614,
title = "A new fast track-fit algorithm based on broken lines",
journal = "Nuclear Instruments and Methods in Physics Research Section A: Accelerators, Spectrometers, Detectors and Associated Equipment",
volume = "566",
number = "1",
pages = "14 - 17",
year = "2006",
note = "TIME 2005",
issn = "0168-9002",
doi = "https://doi.org/10.1016/j.nima.2006.05.156",
url = "http://www.sciencedirect.com/science/article/pii/S0168900206007996",
author = "V. Blobel",
keywords = "Track fitting, Multiple scattering, Global least-squares fit",
abstract = "The determination of the charged particle momentum in HEP experiments requires a fit of a parametrization to the points measured in a tracking chamber. A new non-recursive track-fit algorithm based on broken lines allows to reconstruct the particle trajectory taking into account details of multiple scattering. It provides optimal parameters and their covariance matrices at track start and end, and optimal values at each measured point along the trajectory including the variances. The parametrization of the trajectory allows the use of sparse-matrix techniques with a total computing time proportional to the number of data points. Under test conditions the new algorithm is found to be six times faster than the Kalman filter."
}

@article{Kleinwort_2012,
   title={General broken lines as advanced track fitting method},
   volume={673},
   ISSN={0168-9002},
   url={http://dx.doi.org/10.1016/j.nima.2012.01.024},
   DOI={10.1016/j.nima.2012.01.024},
   journal={Nuclear Instruments and Methods in Physics Research Section A: Accelerators, Spectrometers, Detectors and Associated Equipment},
   publisher={Elsevier BV},
   author={Kleinwort, Claus},
   year={2012},
   month={May},
   pages={107–110}
}

@article{BILLOIR1992139,
title = "Fast vertex fitting with a local parametrization of tracks",
journal = "Nuclear Instruments and Methods in Physics Research Section A: Accelerators, Spectrometers, Detectors and Associated Equipment",
volume = "311",
number = "1",
pages = "139 - 150",
year = "1992",
issn = "0168-9002",
doi = "https://doi.org/10.1016/0168-9002(92)90859-3",
url = "http://www.sciencedirect.com/science/article/pii/0168900292908593",
author = "P. Billoir and S. Qian",
abstract = "A fast vertex fitting algorithm has been tested, which uses a local parametrization of tracks around a fixed point. This point is chosen to be close to the primary and short-lived secondary vertices, or to the decay vertex of a long-lived particle; hence useful approximations may be utilised. The extrapolation of the trajectory and its error matrix to the vertex region is performed once per track, even if the track association procedure needs to be iterated. The time spent on the computation of the fitting procedure is proportional to the number of tracks (n) instead of n3 as in a standard least-squares method where the parameters of all tracks are fitted together at their common vertex. The method is used in the LEP experiment DELPHI at CERN. The Monte Carlo test has been made for the ZEUS experiment at DESY. The vertex fitting quality and the time consumption etc. have been examined."
}

@article{Alwall_2007,
   title={MadGraph/MadEvent v4: the new web generation},
   volume={2007},
   ISSN={1029-8479},
   url={http://dx.doi.org/10.1088/1126-6708/2007/09/028},
   DOI={10.1088/1126-6708/2007/09/028},
   number={09},
   journal={Journal of High Energy Physics},
   publisher={Springer Science and Business Media LLC},
   author={Alwall, Johan and Demin, Pavel and Visscher, Simon de and Frederix, Rikkert and Herquet, Michel and Maltoni, Fabio and Plehn, Tilman and Rainwater, David L and Stelzer, Tim},
   year={2007},
   month={Sep},
   pages={028–028}
}

@article{AGOSTINELLI2003250,
title = "Geant4—a simulation toolkit",
journal = "Nuclear Instruments and Methods in Physics Research Section A: Accelerators, Spectrometers, Detectors and Associated Equipment",
volume = "506",
number = "3",
pages = "250 - 303",
year = "2003",
issn = "0168-9002",
doi = "https://doi.org/10.1016/S0168-9002(03)01368-8",
url = "http://www.sciencedirect.com/science/article/pii/S0168900203013688",
author = "S. Agostinelli and J. Allison and K. Amako and J. Apostolakis and H. Araujo and P. Arce and M. Asai and D. Axen and S. Banerjee and G. Barrand and F. Behner and L. Bellagamba and J. Boudreau and L. Broglia and A. Brunengo and H. Burkhardt and S. Chauvie and J. Chuma and R. Chytracek and G. Cooperman and G. Cosmo and P. Degtyarenko and A. Dell'Acqua and G. Depaola and D. Dietrich and R. Enami and A. Feliciello and C. Ferguson and H. Fesefeldt and G. Folger and F. Foppiano and A. Forti and S. Garelli and S. Giani and R. Giannitrapani and D. Gibin and J.J. [Gómez Cadenas] and I. González and G. [Gracia Abril] and G. Greeniaus and W. Greiner and V. Grichine and A. Grossheim and S. Guatelli and P. Gumplinger and R. Hamatsu and K. Hashimoto and H. Hasui and A. Heikkinen and A. Howard and V. Ivanchenko and A. Johnson and F.W. Jones and J. Kallenbach and N. Kanaya and M. Kawabata and Y. Kawabata and M. Kawaguti and S. Kelner and P. Kent and A. Kimura and T. Kodama and R. Kokoulin and M. Kossov and H. Kurashige and E. Lamanna and T. Lampén and V. Lara and V. Lefebure and F. Lei and M. Liendl and W. Lockman and F. Longo and S. Magni and M. Maire and E. Medernach and K. Minamimoto and P. [Mora de Freitas] and Y. Morita and K. Murakami and M. Nagamatu and R. Nartallo and P. Nieminen and T. Nishimura and K. Ohtsubo and M. Okamura and S. O'Neale and Y. Oohata and K. Paech and J. Perl and A. Pfeiffer and M.G. Pia and F. Ranjard and A. Rybin and S. Sadilov and E. [Di Salvo] and G. Santin and T. Sasaki and N. Savvas and Y. Sawada and S. Scherer and S. Sei and V. Sirotenko and D. Smith and N. Starkov and H. Stoecker and J. Sulkimo and M. Takahata and S. Tanaka and E. Tcherniaev and E. [Safai Tehrani] and M. Tropeano and P. Truscott and H. Uno and L. Urban and P. Urban and M. Verderi and A. Walkden and W. Wander and H. Weber and J.P. Wellisch and T. Wenaus and D.C. Williams and D. Wright and T. Yamada and H. Yoshida and D. Zschiesche",
keywords = "Simulation, Particle interactions, Geometrical modelling, Software engineering, Object-oriented technology, Distributed software development",
abstract = "Geant4 is a toolkit for simulating the passage of particles through matter. It includes a complete range of functionality including tracking, geometry, physics models and hits. The physics processes offered cover a comprehensive range, including electromagnetic, hadronic and optical processes, a large set of long-lived particles, materials and elements, over a wide energy range starting, in some cases, from 250eV and extending in others to the TeV energy range. It has been designed and constructed to expose the physics models utilised, to handle complex geometries, and to enable its easy adaptation for optimal use in different sets of applications. The toolkit is the result of a worldwide collaboration of physicists and software engineers. It has been created exploiting software engineering and object-oriented technology and implemented in the C++ programming language. It has been used in applications in particle physics, nuclear physics, accelerator design, space engineering and medical physics."
}

@article{doi:10.1063/1.2396991,
author = {Graf,Norman  and McCormick,Jeremy },
title = {Simulator For The Linear Collider (SLIC): A Tool For ILC Detector Simulations},
journal = {AIP Conference Proceedings},
volume = {867},
number = {1},
pages = {503-512},
year = {2006},
doi = {10.1063/1.2396991},

URL = { 
        https://aip.scitation.org/doi/abs/10.1063/1.2396991
    
},
eprint = { 
        https://aip.scitation.org/doi/pdf/10.1063/1.2396991
    
}

}

@article{BLOBEL20065,
title = "Software alignment for tracking detectors",
journal = "Nuclear Instruments and Methods in Physics Research Section A: Accelerators, Spectrometers, Detectors and Associated Equipment",
volume = "566",
number = "1",
pages = "5 - 13",
year = "2006",
note = "TIME 2005",
issn = "0168-9002",
doi = "https://doi.org/10.1016/j.nima.2006.05.157",
url = "http://www.sciencedirect.com/science/article/pii/S0168900206007984",
author = "V. Blobel",
keywords = "Track fitting, Track detector alignment, Global least-squares fit",
abstract = "Tracking detectors in high-energy physics experiments require an accurate determination of a large number of alignment parameters in order to allow a precise reconstruction of tracks and vertices. In addition to the initial optical survey and corrections for electronics and mechanical effects the use of tracks in a special software alignment is essential. A number of different methods is in use, ranging from simple residual-based procedures to complex fitting systems with many thousands of parameters. The methods are reviewed with respect to their mathematical basis and accuracy, and to aspects of the practical realization."
}

@article{BLOBEL20111760,
title = "Fast alignment of a complex tracking detector using advanced track models",
journal = "Computer Physics Communications",
volume = "182",
number = "9",
pages = "1760 - 1763",
year = "2011",
note = "Computer Physics Communications Special Edition for Conference on Computational Physics Trondheim, Norway, June 23-26, 2010",
issn = "0010-4655",
doi = "https://doi.org/10.1016/j.cpc.2011.03.017",
url = "http://www.sciencedirect.com/science/article/pii/S0010465511001093",
author = "Volker Blobel and Claus Kleinwort and Frank Meier",
keywords = "Particle tracking detectors, Solid-state detectors, Alignment, Millepede, Broken Lines",
abstract = "The inner silicon detector of the Compact Muon Solenoid experiment (CMS) at CERNʼs LHC consists of 16 588 modules. Charged-particle tracks in the detector are used to improve the accuracy to which the position and orientation of the modules are known. This contribution focuses on the Millepede-II algorithm, one of the two alignment algorithms used by CMS. Recently an advanced track model has been introduced into the CMS alignment procedure, which is based on the “Broken Lines” model and is able to take multiple Coulomb scattering in the detector material properly into account. We show the unique approach needed for solving the alignment problem in a reasonable amount of time. Emphasis is given to the mathematical treatment of the problem."
}

@article{PhysRevD.66.032005,
  title = {Finding an upper limit in the presence of an unknown background},
  author = {Yellin, S.},
  journal = {Phys. Rev. D},
  volume = {66},
  issue = {3},
  pages = {032005},
  numpages = {7},
  year = {2002},
  month = {Aug},
  publisher = {American Physical Society},
  doi = {10.1103/PhysRevD.66.032005},
  url = {https://link.aps.org/doi/10.1103/PhysRevD.66.032005}
}

@article{PhysRevD.57.3873,
  title = {Unified approach to the classical statistical analysis of small signals},
  author = {Feldman, Gary J. and Cousins, Robert D.},
  journal = {Phys. Rev. D},
  volume = {57},
  issue = {7},
  pages = {3873--3889},
  numpages = {0},
  year = {1998},
  month = {Apr},
  publisher = {American Physical Society},
  doi = {10.1103/PhysRevD.57.3873},
  url = {https://link.aps.org/doi/10.1103/PhysRevD.57.3873}
}


@misc{yellin2011ways,
    title={Some ways of combining optimum interval upper limits},
    author={S. Yellin},
    year={2011},
    eprint={1105.2928},
    archivePrefix={arXiv},
    primaryClass={physics.data-an}
}

@article{BALTZELL201769,
title = "The Heavy Photon Search beamline and its performance",
journal = "Nuclear Instruments and Methods in Physics Research Section A: Accelerators, Spectrometers, Detectors and Associated Equipment",
volume = "859",
pages = "69 - 75",
year = "2017",
issn = "0168-9002",
doi = "https://doi.org/10.1016/j.nima.2017.03.061",
url = "http://www.sciencedirect.com/science/article/pii/S0168900217304175",
author = "N. Baltzell and H. Egiyan and M. Ehrhart and C. Field and A. Freyberger and F.-X. Girod and M. Holtrop and J. Jaros and G. Kalicy and T. Maruyama and B. McKinnon and K. Moffeit and T. Nelson and A. Odian and M. Oriunno and R. Paremuzyan and S. Stepanyan and M. Tiefenback and S. Uemura and M. Ungaro and H. Vance",
keywords = "Electron beam, Collimator, Heavy photon, Silicon microstrips, Electromagnetic calorimeter",
abstract = "The Heavy Photon Search (HPS) is an experiment to search for a hidden sector photon, aka a heavy photon or dark photon, in fixed target electroproduction at the Thomas Jefferson National Accelerator Facility (JLab). The HPS experiment searches for the e+e− decay of the heavy photon with bump hunt and detached vertex strategies using a compact, large acceptance forward spectrometer, consisting of a silicon microstrip detector (SVT) for tracking and vertexing, and a PbWO4 electromagnetic calorimeter for energy measurement and fast triggering. To achieve large acceptance and good vertexing resolution, the first layer of silicon detectors is placed just 10cm downstream of the target with the sensor edges only 500μm above and below the beam. Placing the SVT in such close proximity to the beam puts stringent requirements on the beam profile and beam position stability. As part of an approved engineering run, HPS took data in 2015 and 2016 at 1.05GeV and 2.3GeV beam energies, respectively. This paper describes the beam line and its performance during that data taking."
}

@article{Jaeckel_2010,
   title={The Low-Energy Frontier of Particle Physics},
   volume={60},
   ISSN={1545-4134},
   url={http://dx.doi.org/10.1146/annurev.nucl.012809.104433},
   DOI={10.1146/annurev.nucl.012809.104433},
   number={1},
   journal={Annual Review of Nuclear and Particle Science},
   publisher={Annual Reviews},
   author={Jaeckel, Joerg and Ringwald, Andreas},
   year={2010},
   month={Nov},
   pages={405–437}
}

@misc{kesson2018light,
    title={Light Dark Matter eXperiment (LDMX)},
    author={Torsten Åkesson and Asher Berlin and Nikita Blinov and Owen Colegrove and Giulia Collura and Valentina Dutta and Bertrand Echenard and Joshua Hiltbrand and David G. Hitlin and Joseph Incandela and John Jaros and Robert Johnson and Gordan Krnjaic and Jeremiah Mans and Takashi Maruyama and Jeremy McCormick and Omar Moreno and Timothy Nelson and Gavin Niendorf and Reese Petersen and Ruth Pöttgen and Philip Schuster and Natalia Toro and Nhan Tran and Andrew Whitbeck},
    year={2018},
    eprint={1808.05219},
    archivePrefix={arXiv},
    primaryClass={hep-ex}
}

@article{Amanullah_2010,
   title={SPECTRA ANDHUBBLE SPACE TELESCOPELIGHT CURVES OF SIX TYPE Ia SUPERNOVAE AT 0.511 <z< 1.12 AND THE UNION2 COMPILATION},
   volume={716},
   ISSN={1538-4357},
   url={http://dx.doi.org/10.1088/0004-637X/716/1/712},
   DOI={10.1088/0004-637x/716/1/712},
   number={1},
   journal={The Astrophysical Journal},
   publisher={IOP Publishing},
   author={Amanullah, R. and Lidman, C. and Rubin, D. and Aldering, G. and Astier, P. and Barbary, K. and Burns, M. S. and Conley, A. and Dawson, K. S. and Deustua, S. E. and et al.},
   year={2010},
   month={May},
   pages={712–738}
}

@ARTICLE{1906PA.....14..475P,
       author = {{Poincar\'e}, H.},
        title = "{The Milky Way and the Theory of Gases}",
      journal = {Popular Astronomy},
         year = 1906,
        month = oct,
       volume = {14},
        pages = {475-488},
       adsurl = {https://ui.adsabs.harvard.edu/abs/1906PA.....14..475P},
      adsnote = {Provided by the SAO/NASA Astrophysics Data System}
}

@article{Clowe_2004,
   title={Weak‐Lensing Mass Reconstruction of the Interacting Cluster 1E 0657−558: Direct Evidence for the Existence of Dark Matter},
   volume={604},
   ISSN={1538-4357},
   url={http://dx.doi.org/10.1086/381970},
   DOI={10.1086/381970},
   number={2},
   journal={The Astrophysical Journal},
   publisher={IOP Publishing},
   author={Clowe, Douglas and Gonzalez, Anthony and Markevitch, Maxim},
   year={2004},
   month={Apr},
   pages={596–603}
}

@article{Markevitch_2004,
   title={Direct Constraints on the Dark Matter Self‐Interaction Cross Section from the Merging Galaxy Cluster 1E 0657−56},
   volume={606},
   ISSN={1538-4357},
   url={http://dx.doi.org/10.1086/383178},
   DOI={10.1086/383178},
   number={2},
   journal={The Astrophysical Journal},
   publisher={IOP Publishing},
   author={Markevitch, M. and Gonzalez, A. H. and Clowe, D. and Vikhlinin, A. and Forman, W. and Jones, C. and Murray, S. and Tucker, W.},
   year={2004},
   month={May},
   pages={819–824}
}

@ARTICLE{1998RvMP...70..303S,
       author = {{Schramm}, David N. and {Turner}, Michael S.},
        title = "{Big-bang nucleosynthesis enters the precision era}",
      journal = {Reviews of Modern Physics},
     keywords = {26.35.+c, 95.30.Cq, 98.80.Ft, 98.70.Vc, 26.45.+h, 98.80.Es, Big Bang nucleosynthesis, Elementary particle processes, Origin formation and abundances of the elements, Background radiations, Observational cosmology, Astrophysics, High Energy Physics - Phenomenology},
         year = 1998,
        month = jan,
       volume = {70},
       number = {1},
        pages = {303-318},
          doi = {10.1103/RevModPhys.70.303},
archivePrefix = {arXiv},
       eprint = {astro-ph/9706069},
 primaryClass = {astro-ph},
       adsurl = {https://ui.adsabs.harvard.edu/abs/1998RvMP...70..303S},
      adsnote = {Provided by the SAO/NASA Astrophysics Data System}
}

@manual{Kelvin1904,
       author = "Kelvin, B.",
        title = "{Baltimore lectures on molecular dynamics and the wave theory of light}",
         year = 1904,
       note = "https://archive.org/details/baltimorelecture00kelviala",
}

@manual{Alexander2016,
       author = "Alexander, J.",
        title = "{Baltimore lectures on molecular dynamics and the wave theory of light}",
         year = 2016,
       note = "https://indico.cern.ch/event/507783/contributions/2150181/attachments/1266367/1874844/SLAC-MMAPS-alexander.pdf",
}

@misc{battaglieri2016dark,
    title={Dark matter search in a Beam-Dump eXperiment (BDX) at Jefferson Lab},
    author={M. Battaglieri and A. Bersani and B. Caiffi and A. Celentano and R. De Vita and E. Fanchini and L. Marsicano and P. Musico and M. Osipenko and F. Panza and M. Ripani and E. Santopinto and M. Taiuti and V. Bellini and M. Bondí and M. De Napoli and F. Mammoliti and E. Leonora and N. Randazzo and G. Russo and M. Sperduto and C. Sutera and F. Tortorici and N. Baltzell and M. Dalton and A. Freyberger and F. X. Girod and V. Kubarovsky and E. Pasyuk and E. S. Smith and S. Stepanyan and M. Ungaro and T. Whitlatch and E. Izaguirre and G. Krnjaic and D. Snowden-Ifft and D. Loomba and M. Carpinelli and V. Sipala and P. Schuster and N. Toro and R. Essig and M. H. Wood and M. Holtrop and R. Paremuzyan and G. De Cataldo and R. De Leo and D. Di Bari and L. Lagamba and E. Nappi and R. Perrino and I. Balossino and L. Barion and G. Ciullo and M. Contalbrigo and P. Lenisa and A. Movsisyan and F. Spizzo and M. Turisini and F. De Persio and E. Cisbani and F. Garibaldi and F. Meddi and G. M. Urciuoli and D. Hasch and V. Lucherini and M. Mirazita and S. Pisano and G. Simi and A. D'Angelo and L. Lanza and A. Rizzo and C. Schaerf and I. Zonta and A. Filippi and S. Fegan and M. Kunkel and M. Bashkanov and P. Beltrame and A. Murphy and G. Smith and D. Watts and N. Zachariou and L. Zana and D. Glazier and D. Ireland and B. McKinnon and D. Sokhan and L. Colaneri and S. Anefalos Pereira and A. Afanasev and B. Briscoe and I. Strakovsky and N. Kalantarians and L. Weinstein and K. P. Adhikari and J. A. Dunne and D. Dutta and L. El Fassi and L. Ye and K. Hicks and P. Cole and S. Dobbs and C. Fanelli},
    year={2016},
    eprint={1607.01390},
    archivePrefix={arXiv},
    primaryClass={hep-ex}
}

@article{Aguilar_Arevalo_2017,
   title={Dark Matter Search in a Proton Beam Dump with MiniBooNE},
   volume={118},
   ISSN={1079-7114},
   url={http://dx.doi.org/10.1103/PhysRevLett.118.221803},
   DOI={10.1103/physrevlett.118.221803},
   number={22},
   journal={Physical Review Letters},
   publisher={American Physical Society (APS)},
   author={Aguilar-Arevalo, A. A. and Backfish, M. and Bashyal, A. and Batell, B. and Brown, B. C. and Carr, R. and Chatterjee, A. and Cooper, R. L. and deNiverville, P. and Dharmapalan, R. and et al.},
   year={2017},
   month={May}
}

@proceedings{Albrow:2016ibs,
    editor = "Amaryan, M. and Chudakov, E. and Meyer, C. and Pennington, M. and Ritman, J. and Strakovsky, I.",
    title = "{Mini-Proceedings: Workshop on Physics with Neutral Kaon Beam at JLab (KL2016)}: {Newport News, VA, USA, February 1-3, 2016}",
    eprint = "1604.02141",
    archivePrefix = "arXiv",
    primaryClass = "hep-ph",
    year = "2016"
}

@article{PhysRevD.92.095005,
  title = {Light new physics in coherent neutrino-nucleus scattering experiments},
  author = {deNiverville, Patrick and Pospelov, Maxim and Ritz, Adam},
  journal = {Phys. Rev. D},
  volume = {92},
  issue = {9},
  pages = {095005},
  numpages = {7},
  year = {2015},
  month = {Nov},
  publisher = {American Physical Society},
  doi = {10.1103/PhysRevD.92.095005},
  url = {https://link.aps.org/doi/10.1103/PhysRevD.92.095005}
}

@misc{acciarri2015proposal,
    title={A Proposal for a Three Detector Short-Baseline Neutrino Oscillation Program in the Fermilab Booster Neutrino Beam},
    author={R. Acciarri and C. Adams and R. An and C. Andreopoulos and A. M. Ankowski and M. Antonello and J. Asaadi and W. Badgett and L. Bagby and B. Baibussinov and B. Baller and G. Barr and N. Barros and M. Bass and V. Bellini and P. Benetti and S. Bertolucci and K. Biery and H. Bilokon and M. Bishai and A. Bitadze and A. Blake and F. Boffelli and T. Bolton and M. Bonesini and J. Bremer and S. J. Brice and C. Bromberg and L. Bugel and E. Calligarich and L. Camilleri and D. Caratelli and B. Carls and F. Cavanna and S. Centro and H. Chen and C. Chi and E. Church and D. Cianci and A. G. Cocco and G. H. Collin and J. M. Conrad and M. Convery and G. De Geronimo and A. Dermenev and R. Dharmapalan and S. Dixon and Z. Djurcic and S. Dytmam and B. Eberly and A. Ereditato and J. Esquivel and J. Evans and A. Falcone and C. Farnese and A. Fava and A. Ferrari and B. T. Fleming and W. M. Foreman and J. Freestone and T. Gamble and G. Garvey and V. Genty and M. Geynisman and D. Gibin and S. Gninenko and D. Göldi and S. Gollapinni and N. Golubev and M. Graham and E. Gramellini and H. Greenlee and R. Grosso and R. Guenette and A. Guglielmi and A. Hackenburg and R. Hänni and O. Hen and J. Hewes and J. Ho and G. Horton-Smith and J. Howell and A. Ivashkin and C. James and C. M. Jen and R. A. Johnson and B. J. P. Jones and J. Joshi and H. Jostlein and D. Kaleko and L. N. Kalousis and G. Karagiorgi and W. Ketchum and B. Kirby and M. Kirby and M. Kirsanov and J. Kisiel and J. Klein and J. Klinger and T. Kobilarcik and U. Kose and I. Kreslo and V. A. Kudryavtsev and Y. Li and B. Littlejohn and D. Lissauer and P. Livesly and S. Lockwitz and W. C. Louis and M. Lüthi and B. Lundberg and F. Mammoliti and G. Mannocchi and A. Marchionni and C. Mariani and J. Marshall and K. Mavrokoridis and N. McCauley and N. McConkey and K. McDonald and V. Meddage and A. Menegolli and G. Meng and I. Mercer and T. Miao and T. Miceli and G. B. Mills and D. Mladenov and C. Montanari and D. Montanari and J. Moon and M. Mooney and C. Moore and Z. Moss and M. H. Moulai and S. Mufson and R. Murrells and D. Naples and M. Nessi and M. Nicoletto and P. Nienaber and B. Norris and F. Noto and J. Nowak and S. Pal and O. Palamara and V. Paolone and V. Papavassiliou and S. Pate and J. Pater and Z. Pavlovic and J. Perkin and P. Picchi and F. Pietropaolo and P. Płoński and S. Pordes and R. Potenza and G. Pulliam and X. Qian and L. Qiuguang and J. L. Raaf and V. Radeka and R. Rameika and A. Rappoldi and G. L. Raselli and P. N. Ratoff and B. Rebel and M. Richardson and L. Rochester and M. Rossella and C. Rubbia and C. Rudolf von Rohr and B. Russell and P. Sala and A. Scaramelli and D. W. Schmitz and A. Schukraft and W. Seligman and M. H. Shaevitz and B. Sippach and E. Snider and J. Sobczyk and M. Soderberg and S. Söldner-Rembold and M. Spanu and J. Spitz and N. Spooner and D. Stefan and J. St. John and T. Strauss and R. Sulej and C. M. Sutera and A. M. Szelc and N. Tagg and C. E. Taylor and K. Terao and M. Thiesse and L. Thompson and M. Thomson and C. Thorn and M. Torti and F. Tortorici and M. Toups and C. Touramanis and Y. Tsai and T. Usher and R. Van de Water and F. Varanini and S. Ventura and C. Vignoli and T. Wachala and M. Weber and D. Whittington and P. Wilson and S. Wolbers and T. Wongjirad and K. Woodruff and M. Xu and T. Yang and B. Yu and A. Zani and G. P. Zeller and J. Zennamo and C. Zhang},
    year={2015},
    eprint={1503.01520},
    archivePrefix={arXiv},
    primaryClass={physics.ins-det}
}

@article{Feng_2017,
   title={Particle physics models for the 17 MeV anomaly in beryllium nuclear decays},
   volume={95},
   ISSN={2470-0029},
   url={http://dx.doi.org/10.1103/PhysRevD.95.035017},
   DOI={10.1103/physrevd.95.035017},
   number={3},
   journal={Physical Review D},
   publisher={American Physical Society (APS)},
   author={Feng, Jonathan L. and Fornal, Bartosz and Galon, Iftah and Gardner, Susan and Smolinsky, Jordan and Tait, Tim M. P. and Tanedo, Philip},
   year={2017},
   month={Feb}
}

@article{Krasznahorkay_2016,
   title={Observation of Anomalous Internal Pair Creation inBe8: A Possible Indication of a Light, Neutral Boson},
   volume={116},
   ISSN={1079-7114},
   url={http://dx.doi.org/10.1103/PhysRevLett.116.042501},
   DOI={10.1103/physrevlett.116.042501},
   number={4},
   journal={Physical Review Letters},
   publisher={American Physical Society (APS)},
   author={Krasznahorkay, A. J. and Csatlós, M. and Csige, L. and Gácsi, Z. and Gulyás, J. and Hunyadi, M. and Kuti, I. and Nyakó, B. M. and Stuhl, L. and Timár, J. and et al.},
   year={2016},
   month={Jan}
}

@article{PhysRevLett.115.021301,
  title = {Model for Thermal Relic Dark Matter of Strongly Interacting Massive Particles},
  author = {Hochberg, Yonit and Kuflik, Eric and Murayama, Hitoshi and Volansky, Tomer and Wacker, Jay G.},
  journal = {Phys. Rev. Lett.},
  volume = {115},
  issue = {2},
  pages = {021301},
  numpages = {5},
  year = {2015},
  month = {Jul},
  publisher = {American Physical Society},
  doi = {10.1103/PhysRevLett.115.021301},
  url = {https://link.aps.org/doi/10.1103/PhysRevLett.115.021301}
}

@article{Hochberg2016,
  title = {SIMP spectroscopy},
  author = {Hochberg, Yonit, Kuflik, Eric, Murayama, Hitoshi},
  journal = {Journal of High Energy Physics},
  volume = {90},
  ISSN={1029-8479},
  issue = {5},
  year = {2016},
  month = {May},
  doi = {10.1007/JHEP05(2016)090},
  url = {https://doi.org/10.1007/JHEP05(2016)090}
}

@article{krasznahorkay2019new,
    title={New evidence supporting the existence of the hypothetic X17 particle},
    author={A. J. Krasznahorkay and M. Csatlos and L. Csige and J. Gulyas and M. Koszta and B. Szihalmi and J. Timar and D. S. Firak and A. Nagy and N. J. Sas and A. Krasznahorkay},
    year={2019},
    eprint={1910.10459},
    archivePrefix={arXiv},
    primaryClass={nucl-ex}
}

@article{FRASER2018159,
title = "The EDGES 21 cm anomaly and properties of dark matter",
journal = "Physics Letters B",
volume = "785",
pages = "159 - 164",
year = "2018",
issn = "0370-2693",
doi = "https://doi.org/10.1016/j.physletb.2018.08.035",
url = "http://www.sciencedirect.com/science/article/pii/S0370269318306488",
author = "Sean Fraser and Andi Hektor and Gert Hütsi and Kristjan Kannike and Carlo Marzo and Luca Marzola and Antonio Racioppi and Martti Raidal and Christian Spethmann and Ville Vaskonen and Hardi Veermäe",
keywords = "Dark matter, Axions, Cosmology, Hydrogen gas, Photon background",
abstract = "The recently claimed anomaly in the measurement of the 21 cm hydrogen absorption signal by EDGES at z∼17, if cosmological, requires the existence of new physics. The possible attempts to resolve the anomaly rely on either (i) cooling the hydrogen gas via new dark matter-hydrogen interactions or (ii) modifying the soft photon background beyond the standard CMB one, as possibly suggested also by the ARCADE 2 excess. We argue that solutions belonging to the first class are generally in tension with cosmological dark matter probes once simple dark sector models are considered. Therefore, we propose soft photon emission by light dark matter as a natural solution to the 21 cm anomaly, studying a few realizations of this scenario. We find that the signal singles out a photophilic dark matter candidate characterised by an enhanced collective decay mechanism, such as axion mini-clusters."
}

@article{Balossino_2017,
   title={The HPS electromagnetic calorimeter},
   volume={854},
   ISSN={0168-9002},
   url={http://dx.doi.org/10.1016/j.nima.2017.02.065},
   DOI={10.1016/j.nima.2017.02.065},
   journal={Nuclear Instruments and Methods in Physics Research Section A: Accelerators, Spectrometers, Detectors and Associated Equipment},
   publisher={Elsevier BV},
   author={Balossino, I. and Baltzell, N. and Battaglieri, M. and Bondì, M. and Buchanan, E. and Calvo, D. and Celentano, A. and Charles, G. and Colaneri, L. and D’Angelo, A. and et al.},
   year={2017},
   month={May},
   pages={89–99}
}

@article{article,
author = {Adrian, Per and Baltzell, Nathan and Battaglieri, M. and Bondì, M. and Boyarinov, S. and Bueltmann, S. and Burkert, V. D and Calvo, D. and Carpinelli, Massimo and Celentano, A. and Charles, Gabriel and Colaneri, L. and Cooper, W. and Cuevas, Chris and D'Angelo, Annalisa and Dashyan, N. and Napoli, M. and Vita, Roberta and Deur, A. and Yale, Brown},
year = {2018},
month = {11},
pages = {},
title = {Search for a dark photon in electroproduced e + e − pairs with the Heavy Photon Search experiment at JLab},
volume = {98},
journal = {Physical Review D},
doi = {10.1103/PhysRevD.98.091101}
}

@misc{adrian2018search,
    title={Search for a Dark Photon in Electro-Produced $e^{+}e^{-}$ Pairs with the Heavy Photon Search Experiment at JLab},
    author={P. H. Adrian and N. A. Baltzell and M. Battaglieri and M. Bondí and S. Boyarinov and S. Bueltmann and V. D. Burkert and D. Calvo and M. Carpinelli and A. Celentano and G. Charles and L. Colaneri and W. Cooper and C. Cuevas and A. D'Angelo and N. Dashyan and M. De Napoli and R. De Vita and A. Deur and R. Dupre and H. Egiyan and L. Elouadrhiri and R. Essig and V. Fadeyev and C. Field and A. Filippi and A. Freyberger and M. Garçon and N. Gevorgyan and F. X. Girod and N. Graf and M. Graham and K. A. Griffioen and A. Grillo and M. Guidal and R. Herbst and M. Holtrop and J. Jaros and G. Kalicy and M. Khandaker and V. Kubarovsky and E. Leonora and K. Livingston and T. Maruyama and K. McCarty and J. McCormick and B. McKinnon and K. Moffeit and O. Moreno and C. Munoz Camacho and T. Nelson and S. Niccolai and A. Odian and M. Oriunno and M. Osipenko and R. Paremuzyan and S. Paul and N. Randazzo and B. Raydo and B. Reese and A. Rizzo and P. Schuster and Y. G. Sharabian and G. Simi and A. Simonyan and V. Sipala and D. Sokhan and M. Solt and S. Stepanyan and H. Szumila-Vance and N. Toro and S. Uemura and M. Ungaro and H. Voskanyan and L. B. Weinstein and B. Wojtsekhowski and B. Yale},
    year={2018},
    eprint={1812.02169},
    archivePrefix={arXiv},
    primaryClass={hep-ex}
}

@misc{tridentnote2016,
author = "M. Graham",
    title = "Track Efficiency, Wide-angle Bremsstrahlung and Trident Rates in the 2016 HPS Data",
 howpublished = {\url{https://confluence.slac.stanford.edu/display/hpsg/Physics+Analysis+Notes?preview=/146715820/275087425/hps_trkeff_tridents_2016_v1.pdf}},
}

@article{Banerjee_2019,
   title={Dark Matter Search in Missing Energy Events with NA64},
   volume={123},
   ISSN={1079-7114},
   url={http://dx.doi.org/10.1103/PhysRevLett.123.121801},
   DOI={10.1103/physrevlett.123.121801},
   number={12},
   journal={Physical Review Letters},
   publisher={American Physical Society (APS)},
   author={Banerjee, D. and Burtsev, V. E. and Chumakov, A. G. and Cooke, D. and Crivelli, P. and Depero, E. and Dermenev, A. V. and Donskov, S. V. and Dusaev, R. R. and Enik, T. and et al.},
   year={2019},
   month={Sep}
}

@article{hirayama2005egs5,
  title={The EGS5 Code System, SLAC Report 730},
  author={Hirayama, H and Namito, Y and Bielajew, AF and Wilderman, SJ and Nelson, WR},
  journal={United States Department of Energy},
  year={2005}
}


@article{PhysRevLett.120.061801,
  title = {Search for Dark Photons Produced in 13 TeV $pp$ Collisions},
  author = {LHCb Collaboration et al.},
  collaboration = {LHCb Collaboration},
  journal = {Phys. Rev. Lett.},
  volume = {120},
  issue = {6},
  pages = {061801},
  numpages = {11},
  year = {2018},
  month = {Feb},
  publisher = {American Physical Society},
  doi = {10.1103/PhysRevLett.120.061801},
  url = {https://link.aps.org/doi/10.1103/PhysRevLett.120.061801}
}

@misc{pietro2018data,
    title={First data at Belle II and Dark Sector physics},
    author={Giacomo De Pietro},
    year={2018},
    eprint={1808.00776},
    archivePrefix={arXiv},
    primaryClass={hep-ex}
}

@article{Mandaglio:2017kiv,
    author = "Mandaglio, Giuseppe",
    editor = "Checchia, Paolo and others",
    collaboration = "KLOE-2",
    title = "{KLOE/KLOE-2 results and perspectives on dark force search}",
    doi = "10.22323/1.314.0073",
    journal = "PoS",
    volume = "EPS-HEP2017",
    pages = "073",
    year = "2017"
}

@article{PhysRevLett.119.131804,
  title = {Search for Invisible Decays of a Dark Photon Produced in ${e}^{+}{e}^{\ensuremath{-}}$ Collisions at BaBar},
  author = {BABAR Collaboration et al.},
  collaboration = {BaBar Collaboration},
  journal = {Phys. Rev. Lett.},
  volume = {119},
  issue = {13},
  pages = {131804},
  numpages = {7},
  year = {2017},
  month = {Sep},
  publisher = {American Physical Society},
  doi = {10.1103/PhysRevLett.119.131804},
  url = {https://link.aps.org/doi/10.1103/PhysRevLett.119.131804}
}

@article{Balossino:2016nly,
    author = "Balossino, I. and others",
    collaboration = "HPS",
    title = "{The HPS electromagnetic calorimeter}",
    eprint = "1610.04319",
    archivePrefix = "arXiv",
    primaryClass = "physics.ins-det",
    reportNumber = "JLAB-PHY-16-2374",
    doi = "10.1016/j.nima.2017.02.065",
    journal = "Nucl. Instrum. Meth. A",
    volume = "854",
    pages = "89--99",
    year = "2017"
}

@misc{carr2020constraints,
    title={Constraints on Primordial Black Holes},
    author={Bernard Carr and Kazunori Kohri and Yuuiti Sendouda and Jun'ichi Yokoyama},
    year={2020},
    eprint={2002.12778},
    archivePrefix={arXiv},
    primaryClass={astro-ph.CO}
}
                     
@misc{hpstweet2019,
       title={Heavy Photon Search},
       author={@PhotonHeavy},
       year={2019},
       month={May},
       day={2},
       note={Tweet ID: 1124108932786601988; Tweet Content: "I have lost connection to the test box at 2019-05-02 17:30:28. Please Check Box A."}
       }  
       
@misc{scikit,
author = "scikit-learn",
    title = "scikit-learn Machine Learning in Python",
 howpublished = {\url{https://scikit-learn.org/stable/}}
}

@misc{ecalsim,
author = "Holly Szumila-Vance and M. Garcon",
    title = " HPS/ECal simulations: energy and position reconstruction for electrons, positrons and photons",
    year={2014},
    note={HPS-Note 2014-001}
}

@misc{ecalenergy,
author = "Holly Szumila-Vance",
    title = "HPS Ecal Energy Calibration for the Spring 2015 Engineering Run",
    year={2016},
    note={HPS-Note 2016-002}
}

@misc{ecalpulse,
author = "Nathan Baltzell",
    title = "ECal pulse fitting",
    year={2015},
    note={HPS-Note 2015-010}
}

@misc{ecaltiming,
author = "Holly Szumila-Vance",
    title = "ECal Timing Calibration for the Spring 2015 Engineering Run",
    year={2015},
    note={HPS-Note 2015-011}
}

@article{ASRYAN2020163425,
title = "The CLAS12 forward electromagnetic calorimeter",
journal = "Nuclear Instruments and Methods in Physics Research Section A: Accelerators, Spectrometers, Detectors and Associated Equipment",
volume = "959",
pages = "163425",
year = "2020",
issn = "0168-9002",
doi = "https://doi.org/10.1016/j.nima.2020.163425",
url = "http://www.sciencedirect.com/science/article/pii/S0168900220300309",
author = "G. Asryan and Sh. Chandavar and T. Chetry and N. Compton and A. Daniel and N. Dashyan and N. Gevorgyan and Y. Ghandilyan and K. Giovanetti and K. Griffioen and K. Hicks and D. Kashy and G. Khachatryan and M. Khandaker and W. Phelps and J. Riso and A. Simonyan and C. Salgado and C. Smith and S. Stepanyan and W. Tang and H. Voskanyan and M. Yurov",
keywords = "CLAS12, Sampling calorimeter, Plastic scintillator, Particle identification",
abstract = "The CLAS12 Forward Detector includes six independent lead-scintillator electromagnetic sampling calorimeters to provide the primary electron trigger and extend the CLAS12 detection capability to photons and neutrons. Each calorimeter package consists of two modules, the legacy Electromagnetic Calorimeter (EC) previously used in the CLAS detector, and a new pre-shower calorimeter (PCAL) located in front of the EC to extend the total detector radiation length, in order to fully absorb the electromagnetic showers induced by electrons with energies up to 12 GeV. Both calorimeters use a novel triangular hodoscope geometry with stereo readout. The PCAL uses an upgraded design to provide the high spatial resolution necessary for reconstructing π0 and η decays, and neutrons with high efficiency. This paper treats the design, construction, and calibration of the PCAL and the preliminary combined performance of both detectors."
}

@misc{seedtracker,
author = "lcsim",
    title = "Linear Collider Simulation SeedTracker",
 howpublished = {\url{http://www.lcsim.org/sites/lcsim/apidocs/index.html?org/lcsim/recon/tracking/seedtracker/class-use/TrackCheck.html}}
}

@article{Jungman_1996,
   title={Supersymmetric dark matter},
   volume={267},
   ISSN={0370-1573},
   url={http://dx.doi.org/10.1016/0370-1573(95)00058-5},
   DOI={10.1016/0370-1573(95)00058-5},
   number={5-6},
   journal={Physics Reports},
   publisher={Elsevier BV},
   author={Jungman, Gerard and Kamionkowski, Marc and Griest, Kim},
   year={1996},
   month={Mar},
   pages={195–373}
}